@misc{cnnclinton,
  author={Barrett, Ted},
  title = {{FBI worked 'around the clock' to review emails in Clinton server probe}},
  howpublished = {\url{http://edition.cnn.com/2016/11/06/politics/fbi-review-hillary-clinton-emails-comey/}},
  publisher={CNN},
}

@article{allan2014record,
  title={Record Review},
  author={Allan, Sir Alex},
  publisher={Cambridge Univ Press},
  note={\url{https://www.gov.uk/government/publications/records-review-by-sir-alex-allan}}
}

@article{sanchez2012detecting,
  title={Detecting sensitive information from textual documents: an information-theoretic approach},
  author={S{\'a}nchez, David and Batet, Montserrat and Viejo, Alexandre},
  journal={Modeling Decisions for Artificial Intelligence},
  pages={173--184},
  year={2012},
  publisher={Springer}
}

@inproceedings{mcdonald2015using,
  title={Using part-of-speech n-grams for sensitive-text classification},
  author={McDonald, Graham and Macdonald, Craig and Ounis, Iadh},
  booktitle={Proceedings of the 2015 International Conference on The Theory of Information Retrieval},
  pages={381--384},
  year={2015},
  organization={ACM}
}

@article{pustejovsky2003timeml,
  title={TimeML: Robust specification of event and temporal expressions in text.},
  author={Pustejovsky, James and Castano, Jos{\'e} M and Ingria, Robert and Sauri, Roser and Gaizauskas, Robert J and Setzer, Andrea and Katz, Graham and Radev, Dragomir R},
  journal={New directions in question answering},
  volume={3},
  pages={28--34},
  year={2003}
}

@inproceedings{mani2004recent,
  title={Recent developments in temporal information extraction},
  author={Mani, Inderjeet},
  booktitle={Proceedings of the International Conference on Recent Advances in Natural Language Processing (RANLPâ€™03)},
  pages={45-60}
  year={2004}
}

@inproceedings{chapelle2011yahoo,
  title={Yahoo! learning to rank challenge overview},
  author={Chapelle, Olivier and Chang, Yi},
  booktitle={Proceedings of the Learning to Rank Challenge},
  pages={1--24},
  year={2011}
}

@article{uzzaman2012tempeval,
  title={Tempeval-3: Evaluating events, time expressions, and temporal relations},
  author={UzZaman, Naushad and Llorens, Hector and Allen, James and Derczynski, Leon and Verhagen, Marc and Pustejovsky, James},
  journal={arXiv preprint arXiv:1206.5333},
  year={2012}
}

@article{oard2013information,
  title={Information retrieval for e-discovery},
  author={Oard, Douglas W and Webber, William and others},
  journal={Foundations and Trends{\textregistered} in Information Retrieval},
  volume={7},
  number={2--3},
  pages={99--237},
  year={2013},
  publisher={Now Publishers, Inc.},
  note={\url{http://w.codalism.com/research/papers/ow13fntir.pdf}}
}

@article{moss2012have,
  title={Where have all the files gone? Lost in action points every one?},
  author={Moss, Michael},
  journal={Journal of Contemporary History},
  volume={47},
  number={4},
  pages={860--875},
  year={2012},
  publisher={Sage Publications Sage UK: London, England}
}

@inproceedings{dalton2014entity,
  title={Entity query feature expansion using knowledge base links},
  author={Dalton, Jeffrey and Dietz, Laura and Allan, James},
  booktitle={Proceedings of the 37th international ACM SIGIR conference on Research \& development in information retrieval},
  pages={365--374},
  year={2014},
  organization={ACM}
}

@inproceedings{berberich2010language,
  title={A Language Modeling Approach for Temporal Information Needs.},
  author={Berberich, Klaus and Bedathur, Srikanta J and Alonso, Omar and Weikum, Gerhard},
  booktitle={Proceedings of the European Conference on Information Retrieval},
  volume={10},
  pages={13--25},
  year={2010},
  organization={Springer}
}

@article{alonso2011temporal,
  title={Temporal Information Retrieval: Challenges and Opportunities.},
  author={Alonso, Omar and Str{\"o}tgen, Jannik and Baeza-Yates, Ricardo A and Gertz, Michael},
  journal={Twaw},
  volume={11},
  pages={1--8},
  year={2011}
}

@inproceedings{strotgen2010heideltime,
  title={Heideltime: High quality rule-based extraction and normalization of temporal expressions},
  author={Str{\"o}tgen, Jannik and Gertz, Michael},
  booktitle={Proceedings of the 5th International Workshop on Semantic Evaluation},
  pages={321--324},
  year={2010},
  organization={Association for Computational Linguistics}
}


@inproceedings{strotgen2012identification,
  title={Identification of top relevant temporal expressions in documents},
  author={Str{\"o}tgen, Jannik and Alonso, Omar and Gertz, Michael},
  booktitle={Proceedings of the 2nd Temporal Web Analytics Workshop},
  pages={33--40},
  year={2012},
  organization={ACM}
}

@inproceedings{si2002language,
  title={A language modeling framework for resource selection and results merging},
  author={Si, Luo and Jin, Rong and Callan, Jamie and Ogilvie, Paul},
  booktitle={Proceedings of the eleventh international conference on Information and knowledge management},
  pages={391--397},
  year={2002},
  organization={ACM}
}

@inproceedings{bendersky2010learning,
  title={Learning concept importance using a weighted dependence model},
  author={Bendersky, Michael and Metzler, Donald and Croft, W Bruce},
  booktitle={Proceedings of the third ACM international conference on Web search and data mining},
  pages={31--40},
  year={2010},
  organization={ACM}
}

% Check
@inproceedings{lykke2010developing,
  title={Developing a test collection for the evaluation of integrated search},
  author={Lykke, Marianne and Larsen, Birger and Lund, Haakon and Ingwersen, Peter},
  booktitle={Proceedings of the European Conference on Information Retrieval},
  pages={627--630},
  year={2010},
  organization={Springer}
}

@article{kutlu2017learning,
  title={Learning to Effectively Select Topics For Information Retrieval Test Collections},
  author={Kutlu, Mucahid and Elsayed, Tamer and Lease, Matthew},
  journal={arXiv preprint arXiv:1701.07810},
  year={2017}
}

@article{DissertationKelvinFowler,
	title = {Public vs. Private: Identifying Public Domain Knowledge},
	author = {Kelvin Fowler},
	year = {2017},
	url = {https://github.com/kfow/ipdk-dissertation/raw/master/dissertation.pdf},
    organization = {University of Glasgow}
}

@inproceedings{GeneratingQueriesLee12,
  title={Generating queries from user-selected text},
  author={Lee, Chia-Jung and Croft, W Bruce},
  booktitle={Proceedings of the 4th Information Interaction in Context Symposium},
  pages={100--109},
  year={2012},
  organization={ACM}
}

@InProceedings{TemporalKuzeyEtAl2016,
  author    = {Kuzey, Erdal and Str\"{o}tgen, Jannik and Setty, Vinay and Weikum, Gerhard},
  title     = {{Temponym Tagging: Temporal Scopes for Textual Phrases}},
  booktitle = {Proceedings of the 6th Temporal Web Analytics Workshop (TempWeb '16)},
  year      = {2016},
  publisher = {ACM},
  pages     = {841--842},
}

% CHECK
@inproceedings{chang2012sutime,
  title={SUTime: A library for recognizing and normalizing time expressions.},
  author={Chang, Angel X and Manning, Christopher D},
  booktitle={LREC},
  volume={2012},
  pages={3735--3740},
  year={2012}
}

@inproceedings{manning2014stanford,
  title={The Stanford CoreNLP Natural Language Processing Toolkit.},
  author={Manning, Christopher D and Surdeanu, Mihai and Bauer, John and Finkel, Jenny Rose and Bethard, Steven and McClosky, David},
  booktitle={ACL (System Demonstrations)},
  pages={55--60},
  year={2014}
}

@article{macdonald2012puppy,
  title={From puppy to maturity: Experiences in developing Terrier},
  author={Macdonald, Craig and McCreadie, Richard and Santos, Rodrygo LT and Ounis, Iadh},
  journal={Proc. of OSIR at SIGIR},
  pages={60--63},
  year={2012}
}

@inproceedings{li2003time,
  title={Time-based language models},
  author={Li, Xiaoyan and Croft, W Bruce},
  booktitle={Proceedings of the twelfth international conference on Information and knowledge management},
  pages={469--475},
  year={2003},
  organization={ACM}
}

@inproceedings{jatowt2013estimating,
  title={Estimating document focus time},
  author={Jatowt, Adam and Au Yeung, Ching-Man and Tanaka, Katsumi},
  booktitle={Proceedings of the 22nd ACM international conference on Conference on information \& knowledge management},
  pages={2273--2278},
  year={2013},
  organization={ACM}
}

@article{makkonen2004simple,
  title={Simple semantics in topic detection and tracking},
  author={Makkonen, Juha and Ahonen-Myka, Helena and Salmenkivi, Marko},
  journal={Information retrieval},
  volume={7},
  number={3-4},
  pages={347--368},
  year={2004},
  publisher={Springer}
}

@inproceedings{mcdonald2014towards,
  title={Towards a Classifier for Digital Sensitivity Review.},
  author={McDonald, Graham and Macdonald, Craig and Ounis, Iadh and Gollins, Timothy},
  booktitle={Proceedings of the European Conference on Information Retrieval},
  pages={500--506},
  year={2014},
  organization={Springer}
}

@inproceedings{gollins2014using,
  title={On Using Information Retrieval for the Selection and Sensitivity Review of Digital Public Records.},
  author={Gollins, Timothy and McDonald, Graham and Macdonald, Craig and Ounis, Iadh},
  booktitle={Proceedings of PIR@ SIGIR},
  pages={39--40},
  year={2014}
}

@inproceedings{xue2010improving,
 author = {Xue, Xiaobing and Huston, Samuel and Croft, W. Bruce},
 title = {Improving Verbose Queries Using Subset Distribution},
 booktitle = {Proceedings of the 19th ACM International Conference on Information and Knowledge Management},
 series = {CIKM '10},
 year = {2010},
 isbn = {978-1-4503-0099-5},
 location = {Toronto, ON, Canada},
 pages = {1059--1068},
 numpages = {10},
 url = {http://doi.acm.org/10.1145/1871437.1871572},
 doi = {10.1145/1871437.1871572},
 acmid = {1871572},
 publisher = {ACM},
 address = {New York, NY, USA},
 keywords = {conditional random field, information retrieval, sub-query selection, verbose query},
}

@inproceedings{strohman2005indri,
  title={Indri: A language model-based search engine for complex queries},
  author={Strohman, Trevor and Metzler, Donald and Turtle, Howard and Croft, W Bruce},
  booktitle={Proceedings of the International Conference on Intelligent Analysis},
  volume={2},
  number={6},
  pages={2--6},
  year={2005},
  organization={Amherst, MA, USA}
}

@inproceedings{cao2008selecting,
 author = {Cao, Guihong and Nie, Jian-Yun and Gao, Jianfeng and Robertson, Stephen},
 title = {Selecting Good Expansion Terms for Pseudo-relevance Feedback},
 booktitle = {Proceedings of the 31st Annual International ACM SIGIR Conference on Research and Development in Information Retrieval},
 series = {SIGIR '08},
 year = {2008},
 isbn = {978-1-60558-164-4},
 location = {Singapore, Singapore},
 pages = {243--250},
 numpages = {8},
 url = {http://doi.acm.org/10.1145/1390334.1390377},
 doi = {10.1145/1390334.1390377},
 acmid = {1390377},
 publisher = {ACM},
 address = {New York, NY, USA},
 keywords = {Pseudo-relevance feedback, SVM, expansion term classification, language models},
}

@inproceedings{yu2003improving,
 author = {Yu, Shipeng and Cai, Deng and Wen, Ji-Rong and Ma, Wei-Ying},
 title = {Improving Pseudo-relevance Feedback in Web Information Retrieval Using Web Page Segmentation},
 booktitle = {Proceedings of the 12th International Conference on World Wide Web},
 series = {WWW '03},
 year = {2003},
 isbn = {1-58113-680-3},
 location = {Budapest, Hungary},
 pages = {11--18},
 numpages = {8},
 url = {http://doi.acm.org/10.1145/775152.775155},
 doi = {10.1145/775152.775155},
 acmid = {775155},
 publisher = {ACM},
 address = {New York, NY, USA},
 keywords = {page segmentation, query expansion, relevance feedback, web information retrieval},
} 

@inproceedings{macdonald2012usefulness,
 author = {Macdonald, Craig and Santos, Rodrygo L.T. and Ounis, Iadh},
 title = {On the Usefulness of Query Features for Learning to Rank},
 booktitle = {Proceedings of the 21st ACM International Conference on Information and Knowledge Management},
 series = {CIKM '12},
 year = {2012},
 isbn = {978-1-4503-1156-4},
 location = {Maui, Hawaii, USA},
 pages = {2559--2562},
 numpages = {4},
 url = {http://doi.acm.org/10.1145/2396761.2398691},
 doi = {10.1145/2396761.2398691},
 acmid = {2398691},
 publisher = {ACM},
 address = {New York, NY, USA},
 keywords = {learning to rank, query features},
}

@Article{macdonald2013whens,
author="Macdonald, Craig
and Santos, Rodrygo L. T.
and Ounis, Iadh",
title="The whens and hows of learning to rank for web search",
journal="Information Retrieval",
year="2013",
month="Oct",
day="01",
volume="16",
number="5",
pages="584--628",
issn="1573-7659",
doi="10.1007/s10791-012-9209-9",
url="https://doi.org/10.1007/s10791-012-9209-9"
}

@article{liu2009learning,
  title={Learning to rank for information retrieval},
  author={Liu, Tie-Yan and others},
  journal={Foundations and Trends{\textregistered} in Information Retrieval},
  volume={3},
  number={3},
  pages={225--331},
  year={2009},
  publisher={Now Publishers, Inc.}
}

@inproceedings{cormack2014evaluation,
 author = {Cormack, Gordon V. and Grossman, Maura R.},
 title = {Evaluation of Machine-learning Protocols for Technology-assisted Review in Electronic Discovery},
 booktitle = {Proceedings of the 37th International ACM SIGIR Conference on Research \&\#38; Development in Information Retrieval},
 series = {SIGIR '14},
 year = {2014},
 isbn = {978-1-4503-2257-7},
 location = {Gold Coast, Queensland, Australia},
 pages = {153--162},
 numpages = {10},
 url = {http://doi.acm.org/10.1145/2600428.2609601},
 doi = {10.1145/2600428.2609601},
 acmid = {2609601},
 publisher = {ACM},
 address = {New York, NY, USA},
 keywords = {e-discovery, electronic discovery, predictive coding, technology-assisted review},
} 

@inproceedings{dang2013two,
 author = {Dang, Van and Bendersky, Michael and Croft, W. Bruce},
 title = {Two-Stage Learning to Rank for Information Retrieval},
 booktitle = {Proceedings of the 35th European Conference on Advances in Information Retrieval},
 series = {ECIR'13},
 year = {2013},
 isbn = {978-3-642-36972-8},
 location = {Moscow, Russia},
 pages = {423--434},
 numpages = {12},
 url = {http://dx.doi.org/10.1007/978-3-642-36973-5_36},
 doi = {10.1007/978-3-642-36973-5_36},
 acmid = {2458228},
 publisher = {Springer-Verlag},
 address = {Berlin, Heidelberg},
}

@techreport{wu2008ranking,
  title={Ranking, boosting, and model adaptation},
  author={Wu, Qiang and Burges, Chris JC and Svore, Krysta M and Gao, Jianfeng},
  year={2008},
  organization={Microsoft Research},
  note={Microsoft Research}
}

@InProceedings{mcdonald2018active,
author="McDonald, Graham
and Macdonald, Craig
and Ounis, Iadh",
editor="Pasi, Gabriella
and Piwowarski, Benjamin
and Azzopardi, Leif
and Hanbury, Allan",
title="Active Learning Strategies for Technology Assisted Sensitivity Review",
booktitle="Advances in Information Retrieval",
year="2018",
location="Grenoble, France",
publisher="Springer International Publishing",
address="Cham",
pages="439--453"
}

@inproceedings{Macdonald:2017:EES:3077136.3080827,
 author = {Macdonald, Craig and Tonellotto, Nicola and Ounis, Iadh},
 title = {Efficient \&\#38; Effective Selective Query Rewriting with Efficiency Predictions},
 booktitle = {Proceedings of the 40th International ACM SIGIR Conference on Research and Development in Information Retrieval},
 series = {SIGIR '17},
 year = {2017},
 isbn = {978-1-4503-5022-8},
 location = {Shinjuku, Tokyo, Japan},
 pages = {495--504},
 numpages = {10},
 url = {http://doi.acm.org/10.1145/3077136.3080827},
 doi = {10.1145/3077136.3080827},
 acmid = {3080827},
 publisher = {ACM},
 address = {New York, NY, USA},
 keywords = {complex operators, proximity retrieval, query efficiency prediction, query rewriting},
} 

@inproceedings{cnnclinton,
  title={How the F.B.I. Reviewed Thousands of Emails in One Week},
  author = {Goldman, Adam and Apuzzo, Matt},
  year={2016},
  publisher={CNN},
  note={\url{https://www.nytimes.com/2016/11/08/us/politics/hillary-clinton-donald-trump-fbi-emails.html}}
}

@inproceedings{jones2006generating,
 author = {Jones, Rosie and Rey, Benjamin and Madani, Omid and Greiner, Wiley},
 title = {Generating Query Substitutions},
 booktitle = {Proceedings of the 15th International Conference on World Wide Web},
 series = {WWW '06},
 year = {2006},
 isbn = {1-59593-323-9},
 location = {Edinburgh, Scotland},
 pages = {387--396},
 numpages = {10},
 url = {http://doi.acm.org/10.1145/1135777.1135835},
 doi = {10.1145/1135777.1135835},
 acmid = {1135835},
 publisher = {ACM},
 address = {New York, NY, USA},
 keywords = {paraphrasing, query rewriting, query substitution, sponsored search},
} 

@inproceedings{macdonald2017rewriting,
 author = {Macdonald, Craig and Tonellotto, Nicola and Ounis, Iadh},
 title = {Efficient \&\#38; Effective Selective Query Rewriting with Efficiency Predictions},
 booktitle = {Proceedings of the 40th International ACM SIGIR Conference on Research and Development in Information Retrieval},
 series = {SIGIR '17},
 year = {2017},
 isbn = {978-1-4503-5022-8},
 location = {Shinjuku, Tokyo, Japan},
 pages = {495--504},
 numpages = {10},
 url = {http://doi.acm.org/10.1145/3077136.3080827},
 doi = {10.1145/3077136.3080827},
 acmid = {3080827},
 publisher = {ACM},
 address = {New York, NY, USA},
 keywords = {complex operators, proximity retrieval, query efficiency prediction, query rewriting},
} 

@misc{freedominformation,
title = {Freedom of Information Act, 2000 ({UK})},
note = \url{http://www.legislation.gov.uk/ukpga/2000/36}
}

@misc{publicrecords,
title = {Public Records Act, 1958, as amended ({UK})},
note = \url{https://www.legislation.gov.uk/ukpga/Eliz2/6-7/51}
}

@techreport{pbil,
  title={University of {Glasgow} at {TREC} 2009: Experiments with {Terrier}},
  author={McCreadie, Richard and Macdonald, Craig and Ounis, Iadh and Peng, Jie and Santos, Rodrygo L},
  year={2009},
  institution={University of Glasgow, United Kingdom}
}

@article{brin1998anatomy,
  title={The anatomy of a large-scale hypertextual web search engine},
  author={Brin, Sergey and Page, Lawrence},
  journal={Computer networks and ISDN systems},
  volume={30},
  number={1-7},
  pages={107--117},
  year={1998},
  publisher={Elsevier}
}

@misc{brutlag2009speed,
  title={Speed matters for Google web search},
  author={Brutlag, Jake},
  year={2009},
  note={\url{http://bit.ly/IhsoTN}}
}

@inproceedings{kumaran04text,
 author = {Kumaran, Giridhar and Allan, James},
 title = {Text Classification and Named Entities for New Event Detection},
 booktitle = {Proceedings of the 27th Annual International ACM SIGIR Conference on Research and Development in Information Retrieval},
 series = {SIGIR '04},
 year = {2004},
 isbn = {1-58113-881-4},
 location = {Sheffield, United Kingdom},
 pages = {297--304},
 numpages = {8},
 url = {http://doi.acm.org/10.1145/1008992.1009044},
 doi = {10.1145/1008992.1009044},
 acmid = {1009044},
 publisher = {ACM},
 address = {New York, NY, USA},
 keywords = {named entities, new event detection, text classification, topic detection and tracking},
}

@inproceedings{xu96query,
 author = {Xu, Jinxi and Croft, W. Bruce},
 title = {Query Expansion Using Local and Global Document Analysis},
 booktitle = {Proceedings of the 19th Annual International ACM SIGIR Conference on Research and Development in Information Retrieval},
 series = {SIGIR '96},
 year = {1996},
 isbn = {0-89791-792-8},
 location = {Zurich, Switzerland},
 pages = {4--11},
 numpages = {8},
 url = {http://doi.acm.org/10.1145/243199.243202},
 doi = {10.1145/243199.243202},
 acmid = {243202},
 publisher = {ACM},
 address = {New York, NY, USA},
} 

@inproceedings{metzler2005markov,
 author = {Metzler, Donald and Croft, W. Bruce},
 title = {A Markov Random Field Model for Term Dependencies},
 booktitle = {Proceedings of the 28th Annual International ACM SIGIR Conference on Research and Development in Information Retrieval},
 series = {SIGIR '05},
 year = {2005},
 isbn = {1-59593-034-5},
 location = {Salvador, Brazil},
 pages = {472--479},
 numpages = {8},
 url = {http://doi.acm.org/10.1145/1076034.1076115},
 doi = {10.1145/1076034.1076115},
 acmid = {1076115},
 publisher = {ACM},
 address = {New York, NY, USA},
 keywords = {Markov random fields, information retrieval, phrases, term dependence},
} 

@inproceedings{bendersky2010learning,
 author = {Bendersky, Michael and Metzler, Donald and Croft, W. Bruce},
 title = {Learning Concept Importance Using a Weighted Dependence Model},
 booktitle = {Proceedings of the Third ACM International Conference on Web Search and Data Mining},
 series = {WSDM '10},
 year = {2010},
 isbn = {978-1-60558-889-6},
 location = {New York, New York, USA},
 pages = {31--40},
 numpages = {10},
 url = {http://doi.acm.org/10.1145/1718487.1718492},
 doi = {10.1145/1718487.1718492},
 acmid = {1718492},
 publisher = {ACM},
 address = {New York, NY, USA},
 keywords = {query concept weighting, weighted dependence model},
}

@Article{Qin2010letor,
author="Qin, Tao
and Liu, Tie-Yan
and Xu, Jun
and Li, Hang",
title="LETOR: A benchmark collection for research on learning to rank for information retrieval",
journal="Information Retrieval",
year="2010",
month="Aug",
day="01",
volume="13",
number="4",
pages="346--374",
issn="1573-7659",
doi="10.1007/s10791-009-9123-y",
url="https://doi.org/10.1007/s10791-009-9123-y"
}

@inproceedings{khalid2008impact,
 author = {Khalid, Mahboob Alam and Jijkoun, Valentin and De Rijke, Maarten},
 title = {The Impact of Named Entity Normalization on Information Retrieval for Question Answering},
 booktitle = {Proceedings of the IR Research, 30th European Conference on Advances in Information Retrieval},
 series = {ECIR'08},
 year = {2008},
 isbn = {3-540-78645-7, 978-3-540-78645-0},
 location = {Glasgow, UK},
 pages = {705--710},
 numpages = {6},
 url = {http://dl.acm.org/citation.cfm?id=1793274.1793371},
 acmid = {1793371},
 publisher = {Springer-Verlag},
 address = {Berlin, Heidelberg},
}

@techreport{lambdamart,
author = {Burges, Chris J.C.},
title = {From RankNet to LambdaRank to LambdaMART: An Overview},
booktitle = {},
year = {2010},
month = {June},
url = {https://www.microsoft.com/en-us/research/publication/from-ranknet-to-lambdarank-to-lambdamart-an-overview/},
}









